@inproceedings{bousquet2001algorithmic,
  title     = {Algorithmic Stability and Generalization Performance},
  booktitle = {Advances in {{Neural Information Processing Systems}}},
  author    = {Bousquet, Olivier and Elisseeff, André},
  date      = {2001},
  volume    = {13},
  publisher = {MIT Press},
  urldate   = {2022-01-08},
  keywords  = {Jab/Pre,linter/error}
}

@article{bousquet2002stability,
  title        = {Stability and Generalization},
  author       = {Bousquet, Olivier and Elisseeff, André},
  date         = {2002},
  journaltitle = {Journal of Machine Learning Research},
  shortjournal = {J. Mach. Learn. Res.},
  volume       = {2},
  pages        = {499--526},
  issn         = {ISSN 1533-7928},
  url          = {https://www.jmlr.org/papers/v2/bousquet02a.html},
  urldate      = {2022-01-08},
  issue        = {Mar}
}

@article{hofmann2008kernel,
  title        = {Kernel Methods in Machine Learning},
  author       = {Hofmann, Thomas and Schölkopf, Bernhard and Smola, Alexander J.},
  date         = {2008-06-01},
  journaltitle = {The Annals of Statistics},
  shortjournal = {Ann. Statist.},
  volume       = {36},
  number       = {3},
  issn         = {0090-5364},
  doi          = {10.1214/009053607000000677},
  annotation   = {TLDR: A review of machine learning methods employing positive definite kernels, ranging from binary classifiers to sophisticated methods for estimation with structured data, which include nonlinear functions as well as functions defined on nonvectorial data.}
}

@incollection{mcdiarmid1989method,
  title     = {On the Method of Bounded Differences},
  booktitle = {Surveys in {{Combinatorics}}, 1989},
  author    = {McDiarmid, Colin},
  editor    = {Siemons, J.},
  date      = {1989-08-03},
  series    = {London {{Mathematical Society Lecture Note Series}}},
  edition   = {1},
  pages     = {148--188},
  publisher = {Cambridge University Press},
  location  = {Cambridge},
  doi       = {10.1017/CBO9781107359949.008}
}


@unpublished{ofer2011algorithmic,
  title  = {Algorithmic Stability},
  author = {{Ofer Dekel} and {Thach Nguyen}},
  date   = {2011-08-03}
}


@book{scholkopf2002learning,
  title      = {Learning with Kernels: Support Vector Machines, Regularization, Optimization, and Beyond},
  shorttitle = {Learning with Kernels},
  author     = {Schölkopf, Bernhard},
  namea      = {Smola, Alexander J.},
  nameatype  = {collaborator},
  date       = {2002},
  series     = {Adaptive Computation and Machine Learning},
  publisher  = {MIT Press},
  location   = {Cambridge, Mass}
}



@unpublished{stephane2014lecture,
  title  = {Lecture 4: Kernels and Associated Functions},
  author = {{Stéphane Canu}},
  date   = {2014-03-04},
  url    = {https://cel.archives-ouvertes.fr/cel-01003007/file/Lecture4_Kenrels_Functions_RKHS.pdf},
  venue  = {Sao Paulo}
}
