@inproceedings{albergo2022building,
  title     = {Building Normalizing Flows with Stochastic Interpolants},
  booktitle = {The {{Eleventh International Conference}} on {{Learning Representations}}},
  author    = {Albergo, Michael Samuel and {Vanden-Eijnden}, Eric},
  year      = {2022},
  month     = sep
}

@misc{albergo2023stochastic,
  title         = {Stochastic Interpolants: A Unifying Framework for Flows and Diffusions},
  shorttitle    = {Stochastic Interpolants},
  author        = {Albergo, Michael S. and Boffi, Nicholas M. and {Vanden-Eijnden}, Eric},
  year          = {2023},
  month         = nov,
  number        = {arXiv:2303.08797},
  eprint        = {2303.08797},
  publisher     = {arXiv},
  doi           = {10.48550/arXiv.2303.08797},
  archiveprefix = {arXiv},
  keywords      = {Jab/Pre}
}

@inproceedings{anari2024fast,
  title     = {Fast Parallel Sampling under Isoperimetry},
  booktitle = {Proceedings of {{Thirty Seventh Conference}} on {{Learning Theory}}},
  author    = {Anari, Nima and Chewi, Sinho and Vuong, Thuy-Duong},
  year      = {2024},
  month     = jun,
  pages     = {161--185},
  publisher = {PMLR},
  issn      = {2640-3498}
}

@misc{benton2024nearly,
  title         = {Nearly \$d\$-Linear Convergence Bounds for Diffusion Models via Stochastic Localization},
  author        = {Benton, Joe and Bortoli, Valentin De and Doucet, Arnaud and Deligiannidis, George},
  year          = {2024},
  month         = mar,
  number        = {arXiv:2308.03686},
  eprint        = {2308.03686},
  publisher     = {arXiv},
  doi           = {10.48550/arXiv.2308.03686},
  archiveprefix = {arXiv}
}

@article{blattmann2022retrieval,
  title   = {Retrieval-Augmented Diffusion Models},
  author  = {Blattmann, Andreas and Rombach, Robin and Oktay, Kaan and M{\"u}ller, Jonas and Ommer, Bj{\"o}rn},
  year    = {2022},
  month   = dec,
  journal = {Advances in Neural Information Processing Systems},
  volume  = {35},
  pages   = {15309--15324}
}

@misc{chan2024tutorial,
  title         = {Tutorial on Diffusion Models for Imaging and Vision},
  author        = {Chan, Stanley H.},
  year          = {2024},
  month         = sep,
  number        = {arXiv:2403.18103},
  eprint        = {2403.18103},
  publisher     = {arXiv},
  doi           = {10.48550/arXiv.2403.18103},
  archiveprefix = {arXiv}
}

@inproceedings{chen2022sampling,
  title      = {Sampling Is as Easy as Learning the Score: Theory for Diffusion Models with Minimal Data Assumptions},
  shorttitle = {Sampling Is as Easy as Learning the Score},
  booktitle  = {The {{Eleventh International Conference}} on {{Learning Representations}}},
  author     = {Chen, Sitan and Chewi, Sinho and Li, Jerry and Li, Yuanzhi and Salim, Adil and Zhang, Anru},
  year       = {2022},
  month      = sep
}

@misc{chen2024accelerating,
  title         = {Accelerating Diffusion Models with Parallel Sampling: Inference at Sub-Linear Time Complexity},
  shorttitle    = {Accelerating Diffusion Models with Parallel Sampling},
  author        = {Chen, Haoxuan and Ren, Yinuo and Ying, Lexing and Rotskoff, Grant M.},
  year          = {2024},
  month         = may,
  number        = {arXiv:2405.15986},
  eprint        = {2405.15986},
  publisher     = {arXiv},
  doi           = {10.48550/arXiv.2405.15986},
  archiveprefix = {arXiv}
}

@inproceedings{chen2024probability,
  title     = {The Probability Flow {{ODE}} Is Provably Fast},
  booktitle = {Proceedings of the 37th {{International Conference}} on {{Neural Information Processing Systems}}},
  author    = {Chen, Sitan and Chewi, Sinho and Lee, Holden and Li, Yuanzhi and Lu, Jianfeng and Salim, Adil},
  year      = {2024},
  month     = may,
  series    = {{{NIPS}} '23},
  pages     = {68552--68575},
  publisher = {Curran Associates Inc.},
  address   = {Red Hook, NY, USA}
}

@inproceedings{de2024diffusion,
  title     = {Diffusion Schr{\"o}dinger Bridge with Applications to Score-Based Generative Modeling},
  booktitle = {Proceedings of the 35th {{International Conference}} on {{Neural Information Processing Systems}}},
  author    = {De Bortoli, Valentin and Thornton, James and Heng, Jeremy and Doucet, Arnaud},
  year      = {2024},
  month     = jun,
  series    = {{{NIPS}} '21},
  pages     = {17695--17709},
  publisher = {Curran Associates Inc.},
  address   = {Red Hook, NY, USA}
}

@inproceedings{dhariwal2024diffusion,
  title     = {Diffusion Models Beat {{GANs}} on Image Synthesis},
  booktitle = {Proceedings of the 35th {{International Conference}} on {{Neural Information Processing Systems}}},
  author    = {Dhariwal, Prafulla and Nichol, Alex},
  year      = {2024},
  month     = jun,
  series    = {{{NIPS}} '21},
  pages     = {8780--8794},
  publisher = {Curran Associates Inc.},
  address   = {Red Hook, NY, USA}
}

@inproceedings{dockhorn2021score,
  title     = {Score-Based Generative Modeling with Critically-Damped Langevin Diffusion},
  booktitle = {International {{Conference}} on {{Learning Representations}}},
  author    = {Dockhorn, Tim and Vahdat, Arash and Kreis, Karsten},
  year      = {2021},
  month     = oct
}

@misc{dockhorn2022genie,
  title         = {{{GENIE}}: Higher-Order Denoising Diffusion Solvers},
  shorttitle    = {Genie},
  author        = {Dockhorn, Tim and Vahdat, Arash and Kreis, Karsten},
  year          = {2022},
  month         = oct,
  number        = {arXiv:2210.05475},
  eprint        = {2210.05475},
  publisher     = {arXiv},
  doi           = {10.48550/arXiv.2210.05475},
  archiveprefix = {arXiv}
}

@misc{he2023synthetic,
  title         = {Is Synthetic Data from Generative Models Ready for Image Recognition?},
  author        = {He, Ruifei and Sun, Shuyang and Yu, Xin and Xue, Chuhui and Zhang, Wenqing and Torr, Philip and Bai, Song and Qi, Xiaojuan},
  year          = {2023},
  month         = feb,
  number        = {arXiv:2210.07574},
  eprint        = {2210.07574},
  primaryclass  = {cs},
  publisher     = {arXiv},
  archiveprefix = {arXiv}
}

@inproceedings{ho2020denoising,
  title     = {Denoising Diffusion Probabilistic Models},
  booktitle = {Advances in {{Neural Information Processing Systems}}},
  author    = {Ho, Jonathan and Jain, Ajay and Abbeel, Pieter},
  year      = {2020},
  volume    = {33},
  pages     = {6840--6851},
  publisher = {Curran Associates, Inc.}
}

@misc{hoogeboom2023simple,
  title         = {Simple Diffusion: End-to-End Diffusion for High Resolution Images},
  shorttitle    = {Simple Diffusion},
  author        = {Hoogeboom, Emiel and Heek, Jonathan and Salimans, Tim},
  year          = {2023},
  month         = dec,
  number        = {arXiv:2301.11093},
  eprint        = {2301.11093},
  publisher     = {arXiv},
  doi           = {10.48550/arXiv.2301.11093},
  archiveprefix = {arXiv}
}

@article{jolicoeur2021gotta,
  title  = {Gotta Go Fast When Generating Data with Score-Based Models},
  author = {{Jolicoeur-Martineau}, Alexia and Li, Ke and {Pich{\'e}-Taillefer}, R{\'e}mi and Kachman, Tal and Mitliagkas, Ioannis},
  year   = {2021},
  month  = oct
}

@misc{karras2022elucidating,
  title         = {Elucidating the Design Space of Diffusion-Based Generative Models},
  author        = {Karras, Tero and Aittala, Miika and Aila, Timo and Laine, Samuli},
  year          = {2022},
  month         = oct,
  number        = {arXiv:2206.00364},
  eprint        = {2206.00364},
  publisher     = {arXiv},
  doi           = {10.48550/arXiv.2206.00364},
  archiveprefix = {arXiv}
}

@inproceedings{karras2024guiding,
  title     = {Guiding a Diffusion Model with a Bad Version of Itself},
  booktitle = {The {{Thirty-eighth Annual Conference}} on {{Neural Information Processing Systems}}},
  author    = {Karras, Tero and Aittala, Miika and Kynk{\"a}{\"a}nniemi, Tuomas and Lehtinen, Jaakko and Aila, Timo and Laine, Samuli},
  year      = {2024},
  month     = nov
}

@inproceedings{kingma2023understanding,
  title     = {Understanding Diffusion Objectives as the {{ELBO}} with Simple Data Augmentation},
  booktitle = {Thirty-Seventh {{Conference}} on {{Neural Information Processing Systems}}},
  author    = {Kingma, Diederik P. and Gao, Ruiqi},
  year      = {2023},
  month     = nov
}

@inproceedings{kingma2024variational,
  title     = {Variational Diffusion Models},
  booktitle = {Proceedings of the 35th International Conference on Neural Information Processing Systems},
  author    = {Kingma, Diederik P. and Salimans, Tim and Poole, Ben and Ho, Jonathan},
  year      = {2024},
  series    = {Nips '21},
  publisher = {Curran Associates Inc.},
  address   = {Red Hook, NY, USA},
  articleno = {1660}
}

@inproceedings{klein2024equivariant,
  title     = {Equivariant Flow Matching},
  booktitle = {Proceedings of the 37th {{International Conference}} on {{Neural Information Processing Systems}}},
  author    = {Klein, Leon and Kr{\"a}mer, Andreas and No{\'e}, Frank},
  year      = {2024},
  month     = may,
  series    = {{{NIPS}} '23},
  pages     = {59886--59910},
  publisher = {Curran Associates Inc.},
  address   = {Red Hook, NY, USA}
}

@inproceedings{lipman2022flow,
  title     = {Flow Matching for Generative Modeling},
  booktitle = {The {{Eleventh International Conference}} on {{Learning Representations}}},
  author    = {Lipman, Yaron and Chen, Ricky T. Q. and {Ben-Hamu}, Heli and Nickel, Maximilian and Le, Matthew},
  year      = {2022},
  month     = sep
}

@inproceedings{liu2023flowgrad,
  title      = {{{FlowGrad}}: Controlling the Output of Generative {{ODEs}} with Gradients},
  shorttitle = {{{FlowGrad}}},
  booktitle  = {2023 {{IEEE}}/{{CVF Conference}} on {{Computer Vision}} and {{Pattern Recognition}} ({{CVPR}})},
  author     = {Liu, Xingchao and Wu, Lemeng and Zhang, Shujian and Gong, Chengyue and Ping, Wei and Liu, Qiang},
  year       = {2023},
  month      = jun,
  pages      = {24335--24344},
  publisher  = {IEEE Computer Society},
  doi        = {10.1109/CVPR52729.2023.02331}
}

@misc{luo2022understanding,
  title         = {Understanding Diffusion Models: A Unified Perspective},
  shorttitle    = {Understanding Diffusion Models},
  author        = {Luo, Calvin},
  year          = {2022},
  month         = aug,
  number        = {arXiv:2208.11970},
  eprint        = {2208.11970},
  publisher     = {arXiv},
  doi           = {10.48550/arXiv.2208.11970},
  archiveprefix = {arXiv}
}

@article{maoutsa2020interacting,
  title     = {Interacting Particle Solutions of Fokker--Planck Equations through Gradient--Log--Density Estimation},
  author    = {Maoutsa, Dimitra and Reich, Sebastian and Opper, Manfred},
  year      = {2020},
  month     = aug,
  journal   = {Entropy},
  volume    = {22},
  number    = {8},
  pages     = {802},
  publisher = {Multidisciplinary Digital Publishing Institute},
  issn      = {1099-4300},
  doi       = {10.3390/e22080802},
  copyright = {http://creativecommons.org/licenses/by/3.0/}
}

@article{papamakarios2021normalizing,
  title   = {Normalizing Flows for Probabilistic Modeling and Inference},
  author  = {Papamakarios, George and Nalisnick, Eric and Rezende, Danilo Jimenez and Mohamed, Shakir and Lakshminarayanan, Balaji},
  year    = {2021},
  journal = {Journal of Machine Learning Research},
  volume  = {22},
  number  = {57},
  pages   = {1--64},
  issn    = {1533-7928}
}

@article{pedrotti2023improved,
  title   = {Improved Convergence of Score-Based Diffusion Models via Prediction-Correction},
  author  = {Pedrotti, Francesco and Maas, Jan and Mondelli, Marco},
  year    = {2023},
  month   = dec,
  journal = {Transactions on Machine Learning Research},
  issn    = {2835-8856}
}

@inproceedings{peebles2023scalable,
  title     = {Scalable Diffusion Models with Transformers},
  booktitle = {2023 {{IEEE}}/{{CVF International Conference}} on {{Computer Vision}} ({{ICCV}})},
  author    = {Peebles, William and Xie, Saining},
  year      = {2023},
  month     = oct,
  pages     = {4172--4182},
  issn      = {2380-7504},
  doi       = {10.1109/ICCV51070.2023.00387}
}

@inproceedings{preechakul2022diffusion,
  title      = {Diffusion Autoencoders: Toward a Meaningful and Decodable Representation},
  shorttitle = {Diffusion Autoencoders},
  booktitle  = {2022 {{IEEE}}/{{CVF Conference}} on {{Computer Vision}} and {{Pattern Recognition}} ({{CVPR}})},
  author     = {Preechakul, Konpat and Chatthee, Nattanat and Wizadwongsa, Suttisak and Suwajanakorn, Supasorn},
  year       = {2022},
  month      = jun,
  pages      = {10609--10619},
  issn       = {2575-7075},
  doi        = {10.1109/CVPR52688.2022.01036}
}

@inproceedings{rombach2022high,
  title     = {High-Resolution Image Synthesis with Latent Diffusion Models},
  booktitle = {2022 {{IEEE}}/{{CVF Conference}} on {{Computer Vision}} and {{Pattern Recognition}} ({{CVPR}})},
  author    = {Rombach, Robin and Blattmann, Andreas and Lorenz, Dominik and Esser, Patrick and Ommer, Bj{\"o}rn},
  year      = {2022},
  month     = jun,
  pages     = {10674--10685},
  publisher = {IEEE Computer Society},
  doi       = {10.1109/CVPR52688.2022.01042}
}

@misc{salimans2022progressive,
  title         = {Progressive Distillation for Fast Sampling of Diffusion Models},
  author        = {Salimans, Tim and Ho, Jonathan},
  year          = {2022},
  month         = jun,
  number        = {arXiv:2202.00512},
  eprint        = {2202.00512},
  publisher     = {arXiv},
  doi           = {10.48550/arXiv.2202.00512},
  archiveprefix = {arXiv}
}

@inproceedings{shih2023parallel,
  title     = {Parallel Sampling of Diffusion Models},
  booktitle = {Thirty-Seventh {{Conference}} on {{Neural Information Processing Systems}}},
  author    = {Shih, Andy and Belkhale, Suneel and Ermon, Stefano and Sadigh, Dorsa and Anari, Nima},
  year      = {2023},
  month     = nov
}

@inproceedings{song2019generative,
  title     = {Generative Modeling by Estimating Gradients of the Data Distribution},
  booktitle = {Advances in {{Neural Information Processing Systems}}},
  author    = {Song, Yang and Ermon, Stefano},
  year      = {2019},
  volume    = {32},
  publisher = {Curran Associates, Inc.}
}

@inproceedings{song2020improved,
  title     = {Improved Techniques for Training Score-Based Generative Models},
  booktitle = {Proceedings of the 34th {{International Conference}} on {{Neural Information Processing Systems}}},
  author    = {Song, Yang and Ermon, Stefano},
  year      = {2020},
  month     = dec,
  series    = {{{NIPS}}'20},
  pages     = {12438--12448},
  publisher = {Curran Associates Inc.},
  address   = {Red Hook, NY, USA}
}

@inproceedings{song2020score,
  title     = {Score-Based Generative Modeling through Stochastic Differential Equations},
  booktitle = {International {{Conference}} on {{Learning Representations}}},
  author    = {Song, Yang and {Sohl-Dickstein}, Jascha and Kingma, Diederik P. and Kumar, Abhishek and Ermon, Stefano and Poole, Ben},
  year      = {2020},
  month     = oct
}

@inproceedings{song2020sliced,
  title      = {Sliced Score Matching: A Scalable Approach to Density and Score Estimation},
  shorttitle = {Sliced Score Matching},
  booktitle  = {Proceedings of {{The}} 35th {{Uncertainty}} in {{Artificial Intelligence Conference}}},
  author     = {Song, Yang and Garg, Sahaj and Shi, Jiaxin and Ermon, Stefano},
  year       = {2020},
  month      = aug,
  pages      = {574--584},
  publisher  = {PMLR},
  issn       = {2640-3498}
}

@misc{song2022denoising,
  title         = {Denoising Diffusion Implicit Models},
  author        = {Song, Jiaming and Meng, Chenlin and Ermon, Stefano},
  year          = {2022},
  month         = oct,
  number        = {arXiv:2010.02502},
  eprint        = {2010.02502},
  primaryclass  = {cs},
  publisher     = {arXiv},
  archiveprefix = {arXiv}
}

@misc{song2023consistency,
  title         = {Consistency Models},
  author        = {Song, Yang and Dhariwal, Prafulla and Chen, Mark and Sutskever, Ilya},
  year          = {2023},
  month         = may,
  number        = {arXiv:2303.01469},
  eprint        = {2303.01469},
  publisher     = {arXiv},
  doi           = {10.48550/arXiv.2303.01469},
  archiveprefix = {arXiv}
}

@inproceedings{vahdat2021score,
  title     = {Score-Based Generative Modeling in Latent Space},
  booktitle = {Advances in {{Neural Information Processing Systems}}},
  author    = {Vahdat, Arash and Kreis, Karsten and Kautz, Jan},
  year      = {2021},
  month     = nov
}

@article{xu2024flow,
  title   = {Flow-Based Distributionally Robust Optimization},
  author  = {Xu, Chen and Lee, Jonghyeok and Cheng, Xiuyuan and Xie, Yao},
  year    = {2024},
  journal = {IEEE Journal on Selected Areas in Information Theory},
  volume  = {5},
  pages   = {62--77},
  issn    = {2641-8770},
  doi     = {10.1109/JSAIT.2024.3370699}
}

@inproceedings{zhang2022fast,
  title     = {Fast Sampling of Diffusion Models with Exponential Integrator},
  booktitle = {The {{Eleventh International Conference}} on {{Learning Representations}}},
  author    = {Zhang, Qinsheng and Chen, Yongxin},
  year      = {2022},
  month     = sep
}

@inproceedings{zheng2023fast,
  title     = {Fast Sampling of Diffusion Models via Operator Learning},
  booktitle = {Proceedings of the 40th {{International Conference}} on {{Machine Learning}}},
  author    = {Zheng, Hongkai and Nie, Weilie and Vahdat, Arash and Azizzadenesheli, Kamyar and Anandkumar, Anima},
  year      = {2023},
  month     = jul,
  series    = {{{ICML}}'23},
  volume    = {202},
  pages     = {42390--42402},
  publisher = {JMLR.org},
  address   = {Honolulu, Hawaii, USA}
}
